@software{Haines_Ruby_CFF_Library_2021,
  author  = {Haines, Robert and {The Ruby Citation File Format Developers}},
  doi     = {10.5281/zenodo.1184077},
  license = {Apache-2.0},
  month   = {8},
  title   = {{Ruby CFF Library}},
  url     = {https://github.com/citation-file-format/ruby-cff},
  version = {0.9.0},
  year    = {2021}
}